<record><leader>00000cas a2200000 a 4500</leader><controlfield tag="001">13351466</controlfield><controlfield tag="008">860327d19761977azuwr ne      0   a0eng c</controlfield><datafield ind1=" " ind2=" " tag="010"><subfield code="a">sn 92000048 </subfield><subfield code="z">sn 81000015 </subfield></datafield><datafield ind1=" " ind2=" " tag="040"><subfield code="a">WIH</subfield><subfield code="b">eng</subfield><subfield code="c">WIH</subfield><subfield code="d">NSD</subfield><subfield code="d">OCL</subfield><subfield code="d">ANN</subfield><subfield code="d">CVF</subfield><subfield code="d">ANN</subfield><subfield code="d">NYS</subfield><subfield code="d">OCLCQ</subfield><subfield code="d">OCLCF</subfield><subfield code="d">OCLCO</subfield></datafield><datafield ind1=" " ind2=" " tag="012"><subfield code="j">0</subfield><subfield code="k">1</subfield><subfield code="m">d</subfield></datafield><datafield ind1=" " ind2=" " tag="019"><subfield code="a">7048115</subfield></datafield><datafield ind1="1" ind2=" " tag="022"><subfield code="a">0273-9836</subfield><subfield code="l">0273-9836</subfield><subfield code="2">1</subfield></datafield><datafield ind1="1" ind2=" " tag="029"><subfield code="a">AU@</subfield><subfield code="b">000020710075</subfield></datafield><datafield ind1=" " ind2=" " tag="042"><subfield code="a">nsdp</subfield><subfield code="a">pcc</subfield></datafield><datafield ind1=" " ind2=" " tag="043"><subfield code="a">n-us-az</subfield></datafield><datafield ind1=" " ind2=" " tag="090"><subfield code="a">F819.P57</subfield><subfield code="b">N495</subfield></datafield><datafield ind1="0" ind2=" " tag="130"><subfield code="a">N.T. (Tempe, Ariz. : 1976)</subfield></datafield><datafield ind1=" " ind2="0" tag="222"><subfield code="a">N.T.</subfield><subfield code="b">(Tempe, Ariz. 1976)</subfield></datafield><datafield ind1="1" ind2="0" tag="245"><subfield code="a">N.T.</subfield></datafield><datafield ind1="3" ind2="0" tag="246"><subfield code="a">NT</subfield></datafield><datafield ind1="1" ind2="7" tag="246"><subfield code="a">NT/New times</subfield></datafield><datafield ind1="1" ind2="7" tag="246"><subfield code="a">New times</subfield><subfield code="f">June, 15, 1977-Aug. 3-24, 1977</subfield></datafield><datafield ind1=" " ind2=" " tag="260"><subfield code="a">Tempe, Ariz. :</subfield><subfield code="b">New Times, Inc.,</subfield><subfield code="c">1976-1977.</subfield></datafield><datafield ind1=" " ind2=" " tag="300"><subfield code="a">4 v. :</subfield><subfield code="b">ill. ;</subfield><subfield code="c">43 cm.</subfield></datafield><datafield ind1=" " ind2=" " tag="310"><subfield code="a">Weekly</subfield></datafield><datafield ind1="0" ind2=" " tag="362"><subfield code="a">Vol. 8, no. 2 (Aug. 25, 1976)-v. 9, no. 26 [i.e. 24] (Aug. 3-24, 1977).</subfield></datafield><datafield ind1=" " ind2=" " tag="500"><subfield code="a">Place of publication varies: Phoenix, Ariz., &lt;Mar. 23, 1977-&gt;.</subfield></datafield><datafield ind1=" " ind2=" " tag="530"><subfield code="a">Available on microfilm from UMI (Underground Newspaper/Press Collection).</subfield></datafield><datafield ind1=" " ind2=" " tag="588"><subfield code="a">Description based on: V. 9, no. 26 [i.e. 24] (Aug. 3-24, 1977).</subfield></datafield><datafield ind1=" " ind2="0" tag="650"><subfield code="a">Underground press publications</subfield><subfield code="z">Arizona.</subfield></datafield><datafield ind1=" " ind2="0" tag="651"><subfield code="a">Tempe (Ariz.)</subfield><subfield code="v">Newspapers.</subfield></datafield><datafield ind1=" " ind2="0" tag="651"><subfield code="a">Phoenix (Ariz.)</subfield><subfield code="v">Newspapers.</subfield></datafield><datafield ind1=" " ind2="7" tag="655"><subfield code="a">Newspapers.</subfield><subfield code="2">fast</subfield><subfield code="0">(OCoLC)fst01423814</subfield></datafield><datafield ind1=" " ind2="7" tag="650"><subfield code="a">Underground press publications.</subfield><subfield code="2">fast</subfield><subfield code="0">(OCoLC)fst01160984</subfield></datafield><datafield ind1=" " ind2="7" tag="651"><subfield code="a">Arizona.</subfield><subfield code="2">fast</subfield><subfield code="0">(OCoLC)fst01204820</subfield></datafield><datafield ind1=" " ind2="7" tag="651"><subfield code="a">Arizona</subfield><subfield code="z">Phoenix.</subfield><subfield code="2">fast</subfield><subfield code="0">(OCoLC)fst01213753</subfield></datafield><datafield ind1=" " ind2="7" tag="651"><subfield code="a">Arizona</subfield><subfield code="z">Tempe.</subfield><subfield code="2">fast</subfield><subfield code="0">(OCoLC)fst01204821</subfield></datafield><datafield ind1=" " ind2=" " tag="752"><subfield code="a">United States</subfield><subfield code="b">Arizona</subfield><subfield code="c">Maricopa</subfield><subfield code="d">Tempe.</subfield></datafield><datafield ind1=" " ind2=" " tag="752"><subfield code="a">United States</subfield><subfield code="b">Arizona</subfield><subfield code="c">Maricopa</subfield><subfield code="d">Phoenix.</subfield></datafield><datafield ind1="0" ind2="0" tag="780"><subfield code="t">New times (Tempe, Ariz. : 1975)</subfield><subfield code="x">1061-8066</subfield><subfield code="w">(DLC)sn 92000043</subfield><subfield code="w">(OCoLC)24047760</subfield></datafield><datafield ind1="0" ind2="0" tag="785"><subfield code="t">New times weekly</subfield><subfield code="w">(DLC)sn 97060103</subfield></datafield></record>